@article{arnosti2020design,
  title={Design of lotteries and wait-lists for affordable housing allocation},
  author={Arnosti, Nick and Shi, Peng},
  journal={Management Science},
  volume={66},
  number={6},
  pages={2291--2307},
  year={2020},
  publisher={INFORMS}
}

@inproceedings{mashiat2022trade,
  title={Trade-offs between group fairness metrics in societal resource allocation},
  author={Mashiat, Tasfia and Gitiaux, Xavier and Rangwala, Huzefa and Fowler, Patrick and Das, Sanmay},
  booktitle={Proceedings of the 2022 ACM Conference on Fairness, Accountability, and Transparency},
  pages={1095--1105},
  year={2022}
}

@inproceedings{nyuaffordablehousing,
  title={Allocation of the Limited Subsidies for Affordable Housing},
  author={Been, Vicki, O'Regan Katherine, and Waldinger, Daniel},
  publisher={NYU Furman Center},
  year={2019}
}

@inproceedings{harvardpublichousing,
  title={The Public-Housing Allocation Problem: Theory and Evidence from Pittsburgh},
  author={Thakral, Neil},
  publisher={Department of Economics, Harvard University},
  year={2016}
}

@inproceedings{humanerror,
  title={Preventing human error: The impact of data entry methods on data accuracy and statistical results, Computers in Human Behavior, Volume 27, Issue 5},
  author={Barchard, Kimberly A. and Pace, Larry A.},
  publisher={Department of Economics, Harvard University},
  year={2016}
}

@inproceedings{humanerror,
  title={Preventing human error: The impact of data entry methods on data accuracy and statistical results, Computers in Human Behavior, Volume 27, Issue 5},
  author={Kimberly A. Barchard, Larry A. Pace},
  booktitle={Computers in Human Behavior},
  pages={1834-1839},
  year={2011}
}

@inproceedings{conceptdrift,
  title={Learning in the presence of concept drift and hidden contexts},
  author={Widmer, G., Kubat, M.},
  booktitle={Mach Learn 23},
  pages={69-101},
  year={1996}
}

@inproceedings{formulaeval,
  title={Fifty Years of Formula Fairness},
  author={Harold Bunce; Todd Richardson; Rob Collinson; Greg Miller},
  booktitle={PD&R Edge},
  year={2023}
}

@inproceedings{formulaeval2,
  title={Empirical observation of negligible fairness-accuracy trade-offs in machine learning for public policy},
  author={Kit T. Rodolfa, Hemank Lamba, Rayid Ghani},
  booktitle={arXiv},
  year={2020}
}

@inproceedings{formulaeval3,
  title={Fairness in Contextual Resource Allocation Systems: Metrics and Incompatibility Results},
  author={Nathanael Jo, Bill Tang, Kathryn Dullerud, Sina Aghaei, Eric Rice, Phebe Vayanos},
  booktitle={arXiv},
  year={2022}
}


https://www.hud.gov/sites/dfiles/OCHCO/documents/27061.pdf