@article{arnosti2020design,
  title={Design of lotteries and wait-lists for affordable housing allocation},
  author={Arnosti, Nick and Shi, Peng},
  journal={Management Science},
  volume={66},
  number={6},
  pages={2291--2307},
  year={2020},
  publisher={INFORMS}
}

@inproceedings{mashiat2022trade,
  title={Trade-offs between group fairness metrics in societal resource allocation},
  author={Mashiat, Tasfia and Gitiaux, Xavier and Rangwala, Huzefa and Fowler, Patrick and Das, Sanmay},
  booktitle={Proceedings of the 2022 ACM Conference on Fairness, Accountability, and Transparency},
  pages={1095--1105},
  year={2022}
}

@inproceedings{nyuaffordablehousing,
  title={Allocation of the Limited Subsidies for Affordable Housing},
  author={Been, Vicki, O'Regan Katherine, and Waldinger, Daniel},
  publisher={NYU Furman Center},
  year={2019}
}

@inproceedings{harvardpublichousing,
  title={The Public-Housing Allocation Problem: Theory and Evidence from Pittsburgh},
  author={Thakral, Neil},
  publisher={Department of Economics, Harvard University},
  year={2016}
}